ISA*00*          *00*          *30*223182999      *30*133052274      *170516*1242*U*00501*000005440*0*P*:~
GS*HC*223182999*133052274*20170516*1242*543215440*X*005010X222A1~
ST*835*5440~
BPR*I*60.00*C*CHK************20170516~
TRN*1*835-201705161242*6669*008819988~
N1*PR*EL CASTIGADOR~
N1*PE*CREDIBLE BEHAVIORAL HEALTH*XX*1234567890~
LX*1~
CLP*25473*1*100.00*60.00*10.00*ZZ*100025473~
NM1*QC*1*MURDOCK			*MATTHEW MICHAEL			****MI*7878~
DTM*050*20170516~
SVC*HC>4321*100.00*60.00~
DTM*472*20170507~
CAS*CO*45*30.00~
CAS*PR*2*30.00~
SE*1001*1~
GE*1*543215440~
IEA*1*000005440~