ISA*00*          *00*          *30*223182999      *30*133052274      *170420*1904*U*00501*000005347*0*P*:~
GS*HC*223182999*133052274*20170420*1904*543215347*X*005010X222A1~
ST*835*5347~
BPR*I*18.68*C*CHK************20170420~
TRN*1*835-201704201904*865324562*008819988~
N1*PR*BP ASH 2~
N1*PE*CREDIBLE BEHAVIORAL HEALTH*XX*1234567890~
LX*1~
CLP*25227*1*115.00*18.68*82.34*ZZ*100025227~
NM1*QC*1*ALLEN*BARRY****MI*BPASH2~
DTM*050*20170420~
SVC*HC>89456*115.00*18.68~
DTM*472*20170401~
CAS*PR*3*35**1*47.34~
CAS*CO*45*13.98~
REF*6R*25227~
SE*1001*1~
GE*1*543215347~
IEA*1*000005347~