ISA*00*          *00*          *30*223182999      *30*133052274      *170517*1215*U*00501*000005463*0*P*:~
GS*HC*223182999*133052274*20170517*1215*543215463*X*005010X222A1~
ST*835*5463~
BPR*I*78.00*C*CHK************20170517~
TRN*1*835-201705171215*6669*008819988~
N1*PR*EL CASTIGADOR~
N1*PE*CREDIBLE BEHAVIORAL HEALTH*XX*1234567890~
LX*1~
CLP*25498*1*100.00*78.00*15.00*ZZ*100025498~
NM1*QC*1*MURDOCK			*MATTHEW MICHAEL			****MI*7878~
DTM*050*20170517~
SVC*HC>4321*100.00*78.00~
DTM*472*20170512~
CAS*CO*45*30.00~
CAS*PR*2*15.00~
SE*1001*1~
GE*1*543215463~
IEA*1*000005463~