ISA*00*          *00*          *30*223182999      *30*133052274      *170518*2015*U*00501*000005488*0*P*:~
GS*HC*223182999*133052274*20170518*2015*543215488*X*005010X222A1~
ST*835*5488~
BPR*I*66.00*C*CHK************20170518~
TRN*1*835-201705182015*6669*008819988~
N1*PR*EL CASTIGADOR~
N1*PE*CREDIBLE BEHAVIORAL HEALTH*XX*1234567890~
LX*1~
CLP*25532*1*100.00*66.00*25.00*ZZ*100025532~
NM1*QC*1*MURDOCK			*MATTHEW MICHAEL			****MI*7878~
DTM*050*20170518~
SVC*HC>4321*100.00*66.00~
DTM*472*20170515~
CAS*CO*45*30.00~
CAS*PR*2*25.00~
SE*1001*1~
GE*1*543215488~
IEA*1*000005488~